@book{frank2004latex,
  title={The \LaTeX\ companion},
  author={Mittelbach, Frank and Goossens, Michel and Braams, Johannes and Carlisle, David and Rowley, Chris},
  year={2004},
  publisher={Addison-Wesley Professional}
}

@manual{partl2016,
  author={Hubert Partl and Irene Hyna and Elisabeth Schlegl},
  title={一份不太简短的\LaTeX\ 2$\varepsilon$介绍},
  organization={China\TeX 论坛译},
  year={2016},
  note={\\
    English: \url{https://www.ctan.org/tex-archive/info/lshort/english}\\
    中文: \url{https://github.com/CTeX-org/lshort-cn/releases}
  }
}
  
@manual{Casteleyn2016tikz,
  author={Jean Pierre Casteleyn},
  title={Visual TikZ (version 0.62)},
  organization={IUT Génie Thermique et Énergie},
  year={2016},
  note={
    \url{http://tug.ctan.org/info/visualtikz/VisualTikZ.pdf}
  }
}
      
@book{lamport1994latex,
  title={\LaTeX: A Document Preparation System, 2/e},
  author={Lamport, Leslie},
  year={1994},
  publisher={Pearson Education India}
}
  
@book{LHY2013latex,
  title={\LaTeX\ 入门},
  author={刘海洋},
  year={2013},
  publisher={电子工业出版社}
}

@manual{LaTeX-cn,
  title={简单粗暴\LaTeX},
  author={K.L Wu},
  year={2021}
}

@manual{tikzmanual,
  title={TikZ and PGF Packages: Manual for version 3.0.1a},
  author={Till Tantau},
  year={2015}
}
